@book{WaldGR,
  title = {General Relativity},
  author = {Wald, Robert M.},
  date = {1984},
  publisher = {University of Chicago Press},
  location = {Chicago}
}

@book{Choquet-BruhatGR,
  title = {General Relativity and the Einstein Equations},
  author = {Choquet-Bruhat, Yvonne},
  date = {2009},
  volume = {I},
  publisher = {Oxford University Press},
  location = {Oxford}
}

@book{Choquet-BruhatGR2,
    title = {Introduction to general relativity, black holes, and cosmology},
    author = {Choquet-Bruhat, Yvonne},
    date = {2015},
    volume = {I},
    publisher = {Oxford University Press},
    location = {Oxford}
}